@denormal{denormalization,
  title = {Database design with denormalization},
  author= {IBM},
  howpublished = {\url{https://www.ibm.com/support/knowledgecenter/SSEPEK_11.0.0/intro/src/tpc/db2z_denormalizationforperformance.html}},
  year={2016},
  note = {Accessed: 2016-09-10}
}

@book{graphdatabases,
    title={Graph Databases, 2nd Edition},
    author={Ian Robinson, Jim Webber, Emil Eifrem},
    howpublished={Ebook  Safari Books Online},
    publisher={O'Reilly Media Formats},
    url = {http://graphdatabases.com/},
    year = {2016}
}
@book{pgmwr,
    title={PRACTICAL GRAPH MINING WITH R},
    author={Nagiza F. Samatova, William Hendrix, John Jenkins, Kanchana Padmanabhan, Arpan Chakraborty},
    howpublished={Ebook},
    publisher={Chapman & Hall/CRC},
    year = {2013}
}
@book{tan2013introduction,
  title={Introduction to Data Mining},
  author={Tan, P.N. and Steinbach, M. and Kumar, V.},
  isbn={9780133128901},
  url={https://books.google.com.mx/books?id=\_ZQ4MQEACAAJ},
  year={2013},
  publisher={Addison-Wesley}
}
@Inbook{Levner2007,
    author="Levner, Eugene
    and Pinto, David
    and Rosso, Paolo
    and Alcaide, David
    and Sharma, R. R. K.",
    editor="Gelbukh, Alexander
    and Kuri Morales, {\'A}ngel Fernando",
    title="Fuzzifying Clustering Algorithms: The Case Study of MajorClust",
    bookTitle="MICAI 2007: Advances in Artificial Intelligence: 6th Mexican International Conference on Artificial Intelligence, Aguascalientes, Mexico, November 4-10, 2007. Proceedings",
    year="2007",
    publisher="Springer Berlin Heidelberg",
    address="Berlin, Heidelberg",
    pages="821--830",
    isbn="978-3-540-76631-5",
    doi="10.1007/978-3-540-76631-5_78",
    url="http://dx.doi.org/10.1007/978-3-540-76631-5_78"
}

@article{global-talent-flows,
    Author = {Kerr, Sari Pekkala and Kerr, William and Özden, Çağlar and Parsons, Christopher},
    Title = {Global Talent Flows},
    Journal = {Journal of Economic Perspectives},
    Volume = {30},
    Number = {4},
    Year = {2016},
    Month = {November},
    Pages = {83-106},
    DOI = {10.1257/jep.30.4.83},
    URL = {http://www.aeaweb.org/articles?id=10.1257/jep.30.4.83}}


@book{Segaran:2007:PCI:1406354,
author = {Segaran, Toby},
title = {Programming Collective Intelligence},
year = {2007},
isbn = {9780596529321},
edition = {First},
publisher = {O'Reilly},
}


@book{Segaran:2007,
author = {Segaran, Toby},
title = {Programming Collective Intelligence},
year = {2007},
isbn = {9780596529321},
edition = {First},
publisher = {O'Reilly},
}


@book{Lal,
 author = {Lal, Mahesh},
 title = {Neo4J Graph Data Modeling},
 year = {2015},
 isbn = {1784393444, 9781784393441},
 publisher = {Packt Publishing},
}
